<?xml version="1.0" encoding="UTF-8"?><collection xmlns="http://www.loc.gov/MARC21/slim"><record><leader>00639nam--2200193-i-4500</leader><controlfield tag="001">000037526</controlfield><controlfield tag="002">20161230</controlfield><controlfield tag="005">20170118000335</controlfield><controlfield tag="008">060222s1000------------r-----000-0-eng-d</controlfield><datafield ind1=" " ind2=" " tag="020"><subfield code="a">9971599752</subfield></datafield><datafield ind1=" " ind2=" " tag="040"><subfield code="a">IFIN-HH</subfield></datafield><datafield ind1=" " ind2=" " tag="080"><subfield code="a">530.1:539.12.162.8(061.3)</subfield></datafield><datafield ind1="1" ind2=" " tag="100"><subfield code="a">Jacob, Maurice</subfield></datafield><datafield ind1="1" ind2="0" tag="245"><subfield code="a">The quark structure of matter</subfield><subfield code="b">Proceedings of a topical European meeting in the Rhine Valley, Strasbourg-Karlsruhe, 26 September - 1 October 1985</subfield><subfield code="c">M. Jacob, K. Winter (eds.)</subfield></datafield><datafield ind1=" " ind2=" " tag="260"><subfield code="a">Singapore</subfield><subfield code="b">World Scientific</subfield><subfield code="c">1986</subfield></datafield><datafield ind1=" " ind2=" " tag="300"><subfield code="a">XII + 786 p</subfield></datafield><datafield ind1="1" ind2=" " tag="700"><subfield code="a">Winter, K</subfield><subfield code="e">Ed</subfield></datafield><datafield ind1=" " ind2=" " tag="852"><subfield code="a">73891</subfield><subfield code="c">539.12</subfield></datafield><datafield ind1=" " ind2=" " tag="CAT"><subfield code="a">SYS</subfield><subfield code="c">20170118</subfield><subfield code="h">000335</subfield></datafield></record></collection>